  %% Copy past the uncommented section under this text and fill in the right information. This will

  @misc{DCmotor,
  author    = {Tom S. Pedersen},
  title     = {Permanent Magnet Direct Current Motor},
  note      = {Lecture slides from the course "MODELLING AND CONTROL" at Aalborg University},
  year      = {2015}}



  @misc{phantom_omni,
  	author ={Sigverse},
  	title ={Using Phantom Omni Haptik Device},
  	address={\url{http://www.sigverse.org/wiki/en/index.php?Using%20Phantom%20Omni%20Haptik%20Device}},
  	year ={2014},
  	note ={Downloadet: 21-10-2016}
  }

  @misc{Chris_Surgical,
    author ={Karl Damkj√¶r Hansen, Simon Jensen, Christoffer Soth, Rafal Wisniewski},
    title ={Instrumentation of the da Vinci Robotic Surgical System},
    address={\url{http://vbn.aau.dk/files/224392713/The_3rd_AAU_Workshop_on_Robotics_2014.pdf}},
    year ={2015},
    note ={Downloadet: 04-11-2016}
  }






